% @book{AgrawalBook,
%     series = {Optics and photonics},
%     publisher = {Academic Press},
%     isbn = {0-12-045143-3},
%     year = {2001},
%     title = {Nonlinear fiber optics},
%     edition = {3. ed..},
%     language = {eng},
%     address = {San Diego},
%     author = {Agrawal, Govind P},
%     keywords = {fiber optics},
%     lccn = {0-12-045143-3},
% }


@INPROCEEDINGS{munoz,  author={Patricia, Muñoz-Escalona and Meg, Dunn and Filomena, Soares and Adelaide, Marzano and Parag, Vichare and Irina, Lazar},  booktitle={2020 IEEE Global Engineering Education Conference (EDUCON)},   title={E-Learning tools: Engaging Our Students?},   year={2020},  volume={},  number={},  pages={1783-1786},  doi={10.1109/EDUCON45650.2020.9125251}}


@article{tabak,
author = {Tabakova, V.},
year = {2020},
month = {08},
pages = {10},
title = {E-learning – from first experiences in medical physics and engineering to its role in times of crisis.},
volume = {24},
journal = { Health Technol},
pages = {1385–1390},
doi = {10.1007/s12553-020-00474-x}
}

@book{fosnot2013constructivism,
  title={Constructivism: Theory, Perspectives, and Practice, Second Edition},
  author={Fosnot, C.T.},
  isbn={9780807772591},
  series={EBL-Schweitzer},
  url={https://books.google.de/books?id=-pIbAgAAQBAJ},
  year={2013},
  publisher={Teachers College Press}
}


@book{MathWeb,
author = {van den Berk, Ivo and Kordts, Robert and Merkt, Marianne and Salden, Peter and Scholkmann, Antonia},
year = {2019},
month = {02},
pages = {361-375},
title = {'die hochschullehre' Jahresheft 2018},
%isbn = {2199-8825}
}



@article{vltool,
author = {Ha, Young and Im, Hyunjoo},
year = {2020},
month = {03},
pages = {},
title = {The Role of an Interactive Visual Learning Tool and Its Personalizability in Online Learning: Flow Experience},
volume = {24},
journal = {Online Learning},
doi = {10.24059/olj.v24i1.1620}
}


@article{CHACHIL2015267,
title = {Interactive Multimedia-based Mobile Application for Learning Iban Language (I-MMAPS for Learning Iban Language)},
journal = {Procedia - Social and Behavioral Sciences},
volume = {167},
pages = {267-273},
year = {2015},
note = {The XVI International Organisation for Science and Technology Education Symposium (IOSTE Borneo 2014)},
issn = {1877-0428},
doi = {https://doi.org/10.1016/j.sbspro.2014.12.673},
url = {https://www.sciencedirect.com/science/article/pii/S1877042814068207},
author = {Ketty Chachil and Adeline Engkamat and Adib Sarkawi and Awang Rozaimi Awang Shuib},
}



@article{espana,
author = {Arenas Márquez, F.J. and Domingo Carrillo, M.Á. and Molleda Gimena, G. and Ríos Martín, M.Á. and Ruiz del Castillo, J.C.},
year = {2009},
month = {},
pages = {127-145},
title = {Aprendizaje interactivo en la educación superior a través de sitios web. Un estudio empírico. Pixel-Bit. Revista de Medios y Educación. \emph{(Interactive learning in higher education through websites. An empirical study. Pixel-Bit. Journal of Media and Education)} },
volume = {35}
}


@ARTICLE{IEEEcontrol,  author={Wittenmark, B. and Haglund, H. and Johansson, M.},  journal={IEEE Control Systems Magazine},   title={Dynamic pictures and interactive learning},   year={1998},  volume={18},  number={3},  pages={26-32},  doi={10.1109/37.687616}}

@article{children,
author = {Milrad, Marcelo},
year = {1999},
month = {09},
pages = {},
title = {Designing an Interactive Learning Environment to Support Children's Understanding in Complex Domains}
}

@book{AgrawalBook,
    series = {Optics and photonics},
    publisher = {Academic Press},
    isbn = {0-12-045143-3},
    year = {2001},
    title = {Nonlinear fiber optics},
    edition = {3. ed..},
    language = {eng},
    address = {San Diego},
    author = {Agrawal, Govind P},
    keywords = {fiber optics},
    lccn = {0-12-045143-3},
}

@book{dudley_taylor_2010, 
    place={Cambridge}, 
    title={Supercontinuum Generation in Optical Fibers}, 
    author={Dudley, J.M. and Taylor, J.R.},
    DOI={10.1017/CBO9780511750465}, 
    publisher={Cambridge University Press}, 
    year={2010}
    }
    
    @InProceedings{agr_pap,
author="Agrawal, Govind P.",
editor="Christiansen, P. L.
and S{\o}rensen, M. P.
and Scott, A. C.",
title="Nonlinear Fiber Optics",
booktitle="Nonlinear Science at the Dawn of the 21st Century",
year="2000",
publisher="Springer Berlin Heidelberg",
address="Berlin, Heidelberg",
pages="195--211",
isbn="978-3-540-46629-1"
}